\newglossaryentry{YAML}{
	name=YAML,
	description={YAML Ain’t Markup Language}
}
\newglossaryentry{Legacy-System}{
	name=Legacy-System,
	description={Ein älteres System, das nicht mehr aktiv weiterentwickelt wird}
}
\newglossaryentry{Microservices}{
	name=Microservices,
	description={Architekturkonzept bei dem die Funktionalität durch viele unabhängige Dienste, die miteinander kommunizieren, gegeben ist}
}
\newglossaryentry{Middleware}{
	name=Middleware,
	description={Anwendungsneutrales Programm, das zur Kommunikation zwischen verschiedenen Programmen eingesetzt wird}
}
\newglossaryentry{API}{
	name=API,
	description={Application Programming Interface}
}
\newglossaryentry{JSON}{
	name=JSON,
	description={JavaScript Object Notation}
}
\newacronym{justARef}{AMQP}{Advanced Message Queuing Protocol}