@book{
sinnvollerKey,
author={author},
title={title},
year={year},
publisher={publisher}
}

@article{
rabExt,
title={Protocol Extensions},
journal={https://www.rabbitmq.com/extensions.html/},
year={18.08.2020}
}

@article{
rabCon,
title={AMQP 0-9-1 Model Explained},
journal={https://www.rabbitmq.com/tutorials/amqp-concepts.html},
year={25.09.2020}
}

@article{
rabAck,
title={Consumer Acknowledgements and Publisher Confirms},
journal={\\https://www.rabbitmq.com/confirms.html},
year={25.09.2020}
}

@article{
rabDlx,
title={Dead Letter Exchanges},
journal={https://www.rabbitmq.com/dlx.html},
year={25.09.2020}
}

@article{
rabbit,
title={RabbitMQ},
journal={https://www.rabbitmq.com/},
year={25.09.2020}
}

@article{
rabRpc,
title={Remote procedure call (RPC)},
journal={https://www.rabbitmq.com/tutorials/tutorial-six-dotnet.html},
year={25.09.2020}
}

@article{
rabTtl,
title={Time-To-Live and Expiration},
journal={https://www.rabbitmq.com/ttl.html},
year={25.09.2020}
}

@article{
yellow,
title={YellowMap},
journal={https://www.yellowmap.com/},
year={25.09.2020}
}

@article{
yelMap,
title={SmartMaps},
journal={https://www.smartmaps.net/},
year={25.09.2020}
}

@article{
yellFF,
title={FilialFinder},
journal={https://www.yellowmap.com/loesungen/filialfinder/},
year={25.09.2020}
}

@article{
docker,
title={Docker},
journal={https://www.docker.com/},
year={25.09.2020}
}

@article{
docImg,
title={Dockerfile reference},
journal={https://docs.docker.com/engine/reference/builder/\\},
year={25.09.2020}
}

@article{
docGst,
title={Get started},
journal={https://docs.docker.com/get-started/},
year={25.09.2020}
}

@article{
docOvr,
title={Overview},
journal={https://docs.docker.com/get-started/overview/},
year={25.09.2020}
}

@article{
dcoRef,
title={Compose file version 3 reference},
journal={https://docs.docker.com/compose/compose-file/},
year={25.09.2020}
}

@article{
dcoOvr,
title={Overview of Docker Compose},
journal={https://docs.docker.com/compose/\\},
year={25.09.2020}
}

@article{
k8sWeb,
title={Kubernetes},
journal={https://kubernetes.io/de/},
year={25.09.2020}
}

@article{
k8sKon,
title={Konzepte},
journal={https://kubernetes.io/de/docs/concepts/},
year={25.09.2020}
}

@article{
k8sOvr,
title={Was ist Kubernetes?},
journal={https://kubernetes.io/de/docs/concepts/overview/what-is-kubernetes/},
year={25.09.2020}
}

@article{
github,
title={Kubernetes Metrics Server},
journal={https://github.com/kubernetes-sigs/metrics-server},
year={25.09.2020}
}

@article{
k8sHrd,
title={Kubernetes (k8s) erklärt},
journal={https://www.redhat.com/de/topics/containers/what-is-kubernetes},
year={25.09.2020}
}

@article{
k8sSvc,
title={Service},
journal={https://kubernetes.io/docs/concepts/services-networking/service/},
year={25.09.2020}
}

@article{
k8sRlp,
title={Configure Liveness, Readiness and Startup Probes},
journal={https://kubernetes.io/\\docs/tasks/configure-pod-container/configure-liveness-readiness-startup-probes/},
year={25.09.2020}
}

@article{
k8sDep,
title={Deploments},
journal={https://kubernetes.io/docs/concepts/workloads/controllers/\\deployment/},
year={25.09.2020}
}

@article{
k8sPod,
title={Pods},
journal={https://kubernetes.io/docs/concepts/workloads/pods/},
year={25.09.2020}
}

@article{
k8sSst,
title={StatefulSets},
journal={https://kubernetes.io/docs/concepts/workloads/controllers/\\statefulset/},
year={25.09.2020}
}

@article{
k8sDst,
title={DaemonSet},
journal={https://kubernetes.io/docs/concepts/workloads/controllers/\\daemonset/},
year={25.09.2020}
}

@article{
k8sRst,
title={ReplicaSet},
journal={https://kubernetes.io/docs/concepts/workloads/controllers/\\replicaset/},
year={25.09.2020}
}

@article{
k8sVpa,
title={Vertical Pod Autoscaler},
journal={https://github.com/kubernetes/autoscaler/\\tree/master/vertical-pod-autoscaler},
year={25.09.2020}
}

@article{
k8sHPA,
title={Horizontal Pod Autoscaler Walkthrough},
journal={https://kubernetes.io/docs/tasks/run-application/horizontal-pod-autoscale-walkthrough/},
year={25.09.2020}
}

@article{
k8sHpa,
title={Horizontal Pod Autoscaler},
journal={https://kubernetes.io/de/docs/tasks/\\run-application/horizontal-pod-autoscale/},
year={25.09.2020}
}

@article{
hlmDoc,
title={Charts},
journal={https://helm.sh/docs/topics/charts/},
year={25.09.2020}
}

@article{
hlmWeb,
title={Helm},
journal={https://helm.sh/},
year={25.09.2020}
}

@article{
hthChk,
title={Integritätsprüfungen in ASP.NET Core},
journal={https://docs.microsoft.com/de-de/\\aspnet/core/host-and-deploy/health-checks?view=aspnetcore-3.1},
year={25.09.2020}
}

@article{
mesBro,
author={IBM Cloud Education},
title={Message Brokers},
journal={https://www.ibm.com/cloud/learn/\\message-brokers},
year={18.08.2020}
}